% This file was created with JabRef 2.10b2.
% Encoding: UTF-8


@Book{Schneier2012,
  Title                    = {Liars and Outliers: Enable the Trust that Society Needs to Thrive},
  Author                   = {bruce Schneier},
  Publisher                = {Wiley},
  Year                     = {2012},

  Owner                    = {chale},
  Timestamp                = {2014.10.16}
}

